% Jeff's versions:
@string{aiaa-journal = {AIAA J.}}
@string{combustion-and-flame = {Combust. Flame}}
@string{combustion-science-and-technology = {Combust. Sci. Technol.}}
@string{combustion-theory-and-modelling = {Combust. Theor. Model.}}
@string{communications-in-computational-physics = {Commun. Comput. Phys.}}
@string{communications-on-pure-and-applied-mathematics = {Commun. Pur. Appl. Math.}}
@string{computers-and-mathematics-with-applications = {Comput. Math. Appl.}}
@string{continuum-mechanics-and-thermodynamics = {Continuum Mech. Therm.}}
@string{ieee-transactions-on-plasma-science = {IEEE T. Plasma. Sci.}}
@string{international-journal-for-numerical-methods-in-fluids = {Int. J. Numer. Meth. Fl.}}
@string{international-journal-of-multiphase-flow = {Int. J. Multiphase Flow}}
@string{journal-of-applied-physics = {J. Appl. Phys.}}
@string{journal-of-computational-physics = {J. Comput. Phys.}}
@string{journal-of-engineering-mathematics = {J. Eng. Math.}}
@string{journal-of-fluid-mechanics = {J. Fluid Mech.}}
@string{mathematical-and-computer-modelling = {Math. Comput. Model.}}
@string{mathematical-models-and-methods-in-applied-sciences = {Math. Mod. Meth. Appl. S.}}
@string{mathematics-of-computation = {Math. Comput.}}
@string{matematicheskii-sbornik = {Mat. Sb.}}
@string{numerische-mathematik = {Numer. Math.}}
@string{philosophical-transactions-of-the-royal-society-of-london = {Philos. T. R. Soc. Lond.}}
@string{physics-of-plasmas = {Phys. Plasmas}}
@string{physics-of-fluids = {Phys. Fluids}}
@string{proceedings-of-the-royal-society-of-london = {P. R. Soc. London}}
@string{progress-in-energy-and-combustion-science = {Proj. Energ. Combust.}}
@string{reviews-of-modern-physics = {Rev. Mod. Phys.}}
@string{siam-journal-on-applied-math = {SIAM J. Appl. Math.}}
@string{siam-journal-on-numerical-analysis  = {SIAM J. Numer. Anal.}}
@string{siam-journal-on-scientific-computing  = {SIAM J. Sci. Comput.}}
@string{siam-review = {SIAM Rev.}}
@string{shock-waves = {Shock Waves}}

% Bill's versions:
@string{AIAAJ = {AIAA J.}}
@string{SISSC = "SIAM J. Sci. Stat. Comput."}
@string{SISC = "SIAM J. Sci. Comput."}
@string{JCP   = "J. Comput. Phys."}
@string{IJNME = {Int. J. Numer. Meth. Engrg.}}
@string{IJNMF = {Int. J. Numer. Meth. Fl.}}
@string{IJNMBE = {Int. J. Numer. Meth. Biomed. Engrg.}}
@string{CMAME = {Comput. Methods Appl. Mech. Engrg.}}
@string{journal-of-applied-mechanics = {J. Appl. Mech.}}
@string{journal-of-fluids-and-structures = {J. Fluid. Struct.}}
@string{journal-of-wind-engineering-and-industrial-aerodynamics = {J. Wind. Eng. Ind. Aerod.}}

@string{computers-and-fluids = {Comput. Fl.}}
@string{computers-and-structures = {Comput. Struct.}}
@string{applied-mathematics-and-computation = {Appl. Math. Comput.}}
@string{lasers-and-particle-beams = {Lasers Part. Beams}}
